@techreport{VanKrevelen2010ALimitations,
    title = {{A Survey of Augmented Reality Technologies, Applications and Limitations}},
    year = {2010},
    author = {Van Krevelen, D W F and Poelman, R},
    url = {http://www.arvika.de/}
}

@misc{JavascriptOverflow,
    title = {{javascript - Three.js : Best way to translate the projection? - Stack Overflow}},
    url = {https://stackoverflow.com/questions/36008855/three-js-best-way-to-translate-the-projection}
}

@misc{ResigJohnJohnWork,
    title = {{John Resig - How JavaScript Timers Work}},
    author = {{Resig John}},
    url = {https://johnresig.com/blog/how-javascript-timers-work/}
}

@misc{MarkerPaper,
    title = {{Marker {\textperiodcentered} Goggle Paper}},
    url = {http://jeromeetienne.github.io/threex.webar/marker/image-marker-265.html}
}