
@INPROCEEDINGS{Kolmogorov2005,
  author = {Vladimir Kolmogorov and Antonio Criminisi and Andrew Blake and Geoff
    Cross and Carsten Rother},
  title = {Bi-Layer Segmentation of Binocular Stereo Video.},
  booktitle = {CVPR (2)},
  year = {2005},
  pages = {407-414},
  bibsource = {DBLP, http://dblp.uni-trier.de},
  crossref = {DBLP:conf/cvpr/2005},
  ee = {http://dx.doi.org/10.1109/CVPR.2005.91},
}

@ARTICLE{Pankaj2002,
  author = {Pankaj K. Agarwal and Leonidas J. Guibas and Herbert Edelsbrunner
    and Jeff Erickson and Michael Isard and Sariel Har-Peled and John
    Hershberger and Christian Jensen and Lydia Kavraki and Patrice Koehl
    and Ming Lin and Dinesh Manocha and Dimitris Metaxas and Brian Mirtich
    and David Mount and S. Muthukrishnan and Dinesh Pai and Elisha Sacks
    and Jack Snoeyink and Subhash Suri and Ouri Wolefson},
  title = {Algorithmic issues in modeling motion},
  journal = {ACM Comput. Surv.},
  year = {2002},
  volume = {34},
  pages = {550--572},
  number = {4},
  address = {New York, NY, USA},
  doi = {http://doi.acm.org/10.1145/592642.592647},
  issn = {0360-0300},
  publisher = {ACM Press},
}

@INPROCEEDINGS{Akbarzadeh2006,
  author = {A. Akbarzadeh and J.-M. Frahm and P. Mordohai and B. Clipp and C.
    Engels and D. Gallup and P. Merrell and M. Phelps and S. Sinha and
    B. Talton and L. Wang and Q. Yang and H. Stewenius and R. Yang and
    G. Welch and H. Towles and D. Nistér and M. Pollefeys},
  title = {Towards Urban 3D Reconstruction From Video},
  booktitle = {Proceedings 2006 Third International Symposium on 3D Data Processing,
    Visualization and Transmission 3DPVT 2006},
  year = {2006},
}
