@techreport{VanKrevelen2010ALimitations,
    title = {{A Survey of Augmented Reality Technologies, Applications and Limitations}},
    year = {2010},
    author = {Van Krevelen, D W F and Poelman, R},
    url = {http://www.arvika.de/}
}

@techreport{Milgram1994AugmentedContinuum,
    title = {{Augmented Reality: A class of displays on the reality-virtuality continuum}},
    year = {1994},
    booktitle = {282 / SPIE},
    author = {Milgram, Paul and Takemura, Haruo and Utsumi, Akira and Kishino, Fumio},
    volume = {2351},
    url = {http://vered.rose.utoronto.ca},
    keywords = {Augmented reality, augmented virtuality, mixed reality, stereoscopic displays, taxonomy, telerobotic control, virtual control, virtual reality}
}

@misc{JavascriptOverflow,
    title = {{javascript - Three.js : Best way to translate the projection? - Stack Overflow}},
    url = {https://stackoverflow.com/questions/36008855/three-js-best-way-to-translate-the-projection}
}

@misc{ResigJohnJohnWork,
    title = {{John Resig - How JavaScript Timers Work}},
    author = {{Resig John}},
    url = {https://johnresig.com/blog/how-javascript-timers-work/}
}

@misc{MarkerPaper,
    title = {{Marker {\textperiodcentered} Goggle Paper}},
    url = {http://jeromeetienne.github.io/threex.webar/marker/image-marker-265.html}
}